<?xml version="1.0" encoding="UTF-8"?><collection xmlns="http://www.loc.gov/MARC21/slim"><record><leader>00373nam--2200121-i-4500</leader><controlfield tag="001">000001315</controlfield><controlfield tag="002">20161230</controlfield><controlfield tag="005">20161230201024</controlfield><controlfield tag="008">060222s1000------------r-----000-0-eng-d</controlfield><datafield ind1=" " ind2=" " tag="080"><subfield code="a">541.13(061.3)</subfield></datafield><datafield ind1=" " ind2=" " tag="245"><subfield code="a">Double layer and absorption at solid electrodes.9th symposium tartu, june 6-9, 1991 extended abstracts</subfield></datafield><datafield ind1=" " ind2=" " tag="260"><subfield code="a">Tartu, Tartu University, 1991. 257 P</subfield></datafield><datafield ind1=" " ind2=" " tag="852"><subfield code="a">79768</subfield></datafield></record></collection>